@article{Emerging_SDR,
    title={Software-Defined Radio: Facets of a Developing Technology},
    volume={6},
    DOI={10.1109/98.760422},
    number={2},
    journal={IEEE Personal Communications},
    author={Tuttlebee, W.H.W.},
    year={1999},
    pages={38-44}
},

@mastersthesis{software_defined_radio,
    title={Software Defined Radio},
    author={S. Kantesaria and N. Olivarez},
    school={Worcester Polytechnic Institute},
    year={2011}
},

@article{belta_kumar_2004,
    title={Abstraction and Control for Groups of Robots},
    volume={20},
    DOI={10.1109/tro.2004.829498},
    number={5},
    journal={IEEE Transactions on Robotics},
    author={Belta, C. and Kumar, V.},
    year={2004},
    pages={865-875}
},

@book{balanis_2016,
    place={Hoboken, New Jersey},
    title={Antenna theory},
    publisher={Wiley},
    author={Balanis, Constantine A},
    year={2016}
},

@article{Francesco_datacollection,
    author = {Mario Di Francesco and Sajal K. Das and Giuseppe Anastasi},
    title = {Data collection in wireless sensor networks with mobile elements: A survey},
    journal = {ACM Trans. Sensor Networks},
    year = {2011}
},

@article{bernhard_2007,
    title={Reconfigurable Antennas},
    volume={2},
    DOI={10.2200/s00067ed1v01y200707ant004},
    number={1},
    journal={Synthesis Lectures on Antennas},
    author={Bernhard, Jennifer T.},
    year={2007},
    pages={1-66}
}
